@article{Saade2020,
author = {Saade, Marcella Ruschi Mendes and Yahia, Ammar and Amor, Ben},
doi = {10.1016/j.jclepro.2019.118803},
issn = {09596526},
journal = {J. Clean. Prod.},
mendeley-groups = {Additive Manufacturing/Sustainability AM},
month = {jan},
pages = {118803},
title = {{How has LCA been applied to 3D printing? A systematic literature review and recommendations for future studies}},
url = {https://linkinghub.elsevier.com/retrieve/pii/S095965261933673X},
volume = {244},
year = {2020}
}
